@techreport{RN311,
   title = {ISO 639-1:2002, Codes for the representation of names of languages},
   institution = {International Organization for Standardization},
   year = {2002},   address = {Geneva, CH},
   type = {Report}
}

@inproceedings{RN309,
   author = {Lafayette, Lev and Sauter, Greg and Vu, Linh and Meade, Bernard},
   title = {Spartan Performance and Flexibility: An HPC-Cloud Chimera},
   booktitle = {OpenStack Summit},
   year = {2016},
   address = {Barcelona},
   type = {Conference Proceedings}
}

@article{RN310,
   author = {Dalcin, Lisandro D and Paz, Rodrigo R and Kler, Pablo A and Cosimo, Alejandro},
   title = {Parallel distributed computing using Python},
   journal = {Advances in Water Resources},
   volume = {34},
   number = {9},
   pages = {1124-1139},
   ISSN = {0309-1708},
   year = {2011},
   type = {Journal Article}
}

@techreport{RN312,
   title = {MPI: A Message-Passing Interface Standard Version 2.2},
   institution = {Message Passing Interface Forum},
   month = {September 4},
   year = {2009},   type = {Report}
}

